@Misc{lilypond,
  title = 	 {Lilypond},
  howpublished = {\url{http://lilypond.org/}},
  note = 	 {[En ligne; accédé le 13 novembre 2012]}
}

@Misc{ctan,
  title = 	 {{CTAN --- paquets \LaTeX}},
  howpublished = {\url{http://www.ctan.org/}},
  note = 	 {[En ligne; accédé le 13 novembre 2012]}
}

@Misc{latex,
  title = 	 {{Projet \LaTeX}},
  howpublished = {\url{http://www.latex-project.org/}},
  note = 	 {[En ligne; accédé le 13 novembre 2012]}
}

@Misc{mathguide,
  title = 	 {{Short Math Guide for \LaTeX}},
  howpublished = {\url{ftp://ftp.ams.org/pub/tex/doc/amsmath/short-math-guide.pdf}},
  note = 	 {[En ligne; accédé le 13 novembre 2012]}
}

@Misc{lshort,
  title = 	 {{A (Not So) Short Introduction to \LaTeXe.}},
  howpublished = {\url{http://www.ctan.org/pkg/lshort-english}},
  note = 	 {[En ligne; accédé le 13 novembre 2012]}
}

@Misc{comprehensive,
  title = 	 {{The Comprehensive \LaTeX{} Symbol List}},
  howpublished = {\url{http://www.ctan.org/pkg/comprehensive}},
  note = 	 {[En ligne; accédé le 13 novembre 2012]}
}

@Misc{newsgroup,
  title = 	 {Newsgroup},
  howpublished = {comp.text.tex}
}

@Misc{texse,
  title = 	 {{\TeX{} Stack Exchange}},
  howpublished = {\url{http://tex.stackexchange.com/}},
  note = 	 {[En ligne; accédé le 13 novembre 2012]}
}
