@Article{art,
  author = 	 {Dupond},
  title = 	 {Article},
  journal = 	 {Le journal de ...},
  year = 	 {2012}
}

